@article{article,
author = {Nahmias, Steven},
year = {2005},
month = {01},
pages = {},
title = {Production and Operations Analysis}
}