@misc{Britannica_2024, title={Industrial Revolution}, url={https://www.britannica.com/event/Industrial-Revolution}, journal={Encyclopædia Britannica}, publisher={Encyclopædia Britannica, inc.}, author={Britannica, Editors of Encyclopaedia The}, year={2024}, month={Apr}, note={Accessed from \url{https://www.britannica.com/event/Industrial-Revolution} on 2024-04-01} }

@misc{Cavcic_2024, title={New Gas expansion project to magnify Qatar's LNG production by nearly 85%}, url={https://www.offshore-energy.biz/new-gas-expansion-project-to-magnify-qatars-lng-production-by-nearly-85/}, journal={Offshore Energy}, author={Čavčić, Melisa}, year={2024}, month={Feb}, note={Accessed from \url{https://www.offshore-energy.biz/new-gas-expansion-project-to-magnify-qatars-lng-production-by-nearly-85/} on 2024-04-01} }

@misc{World_Bank, title={Qatar GDP}, url={https://thedocs.worldbank.org/en/doc/bbd3f7e9ca50b79b4d5b4c604f4949e3-0280012021/original/14-mpo-am21-qatar-qat-0925-kcm.pdf}, journal={Qatar}, author={World Bank}, note={Accessed from \url{https://thedocs.worldbank.org/en/doc/bbd3f7e9ca50b79b4d5b4c604f4949e3-0280012021/original/14-mpo-am21-qatar-qat-0925-kcm.pdf} on 2024-04-01} }

@misc{Luxembourg_2023, title={Banking - Luxembourg Financial Centre}, url={https://www.luxembourgforfinance.com/en/financial-centre/banking/}, journal={Luxembourg for Finance}, author={Luxembourg, For Finance}, year={2023}, month={Aug}, note={Accessed from \url{https://www.luxembourgforfinance.com/en/financial-centre/banking/} on 2024-04-01} }

@misc{Cheatham_Roy, title={Venezuela: The rise and fall of a petrostate}, url={https://www.cfr.org/backgrounder/venezuela-crisis}, journal={Council on Foreign Relations}, publisher={Council on Foreign Relations}, author={Cheatham, Amelia and Roy, Diana}, note={Accessed from \url{https://www.cfr.org/backgrounder/venezuela-crisis} on 2024-04-01} }

@misc{Singaporeworldbank, title={The World Bank In Singapore}, url={https://www.worldbank.org/en/country/singapore/overview}, journal={World Bank}, author={World Bank, Group}, note={Accessed from \url{https://www.worldbank.org/en/country/singapore/overview} on 2024-04-01} }

@article{article,
author = {Chen, Xiao and Eder, Martin and Shihavuddin, Asm and Zheng, Dan},
year = {2021},
month = {01},
pages = {561},
title = {A Human-Cyber-Physical System toward Intelligent Wind Turbine Operation and Maintenance},
volume = {13},
journal = {Sustainability},
doi = {10.3390/su13020561}
}

@InProceedings{godahewa2021monash,
              author = "Godahewa, Rakshitha and Bergmeir, Christoph and Webb, Geoffrey I. and Hyndman, Rob J. and Montero-Manso, Pablo",
              title = "Monash Time Series Forecasting Archive",
              booktitle = "Neural Information Processing Systems Track on Datasets and Benchmarks",
              year = "2021"
            }

@misc{m5-forecasting-accuracy,
    author = {Addison Howard, inversion, Spyros Makridakis, vangelis},
    title = {M5 Forecasting - Accuracy},
    publisher = {Kaggle},
    year = {2020},
    url = {https://kaggle.com/competitions/m5-forecasting-accuracy},
    note = {Accessed from \url{https://kaggle.com/competitions/m5-forecasting-accuracy} on 2024-04-01}
}

@article{ensemble,
author = {Zhang, Tao and Lin, Wuyin and Vogelmann, Andrew and Zhang, Minghua and Xie, Shaocheng and Qin, Yi and Golaz, Jean‐Christophe},
year = {2021},
month = {05},
pages = {},
title = {Improving Convection Trigger Functions in Deep Convective Parameterization Schemes Using Machine Learning},
volume = {13},
journal = {Journal of Advances in Modeling Earth Systems},
doi = {10.1029/2020MS002365}
}

@misc{Olah_2015, title={Understanding LSTM networks}, url={https://colah.github.io/posts/2015-08-Understanding-LSTMs/}, journal={Understanding LSTM Networks -- colah’s blog}, author={Olah, Christopher}, year={2015}, month={Aug}} 

@misc{garza2023timegpt1,
      title={TimeGPT-1}, 
      author={Azul Garza and Max Mergenthaler-Canseco},
      year={2023},
      eprint={2310.03589},
      archivePrefix={arXiv},
      primaryClass={cs.LG}
}

@misc{liao2024timegpt,
      title={TimeGPT in Load Forecasting: A Large Time Series Model Perspective}, 
      author={Wenlong Liao and Fernando Porte-Agel and Jiannong Fang and Christian Rehtanz and Shouxiang Wang and Dechang Yang and Zhe Yang},
      year={2024},
      eprint={2404.04885},
      archivePrefix={arXiv},
      primaryClass={cs.LG}
}

@misc{vacarubio2024kolmogorovarnold,
      title={Kolmogorov-Arnold Networks (KANs) for Time Series Analysis}, 
      author={Cristian J. Vaca-Rubio and Luis Blanco and Roberto Pereira and Màrius Caus},
      year={2024},
      eprint={2405.08790},
      archivePrefix={arXiv},
      primaryClass={eess.SP}
}

@misc{liu2024kan,
      title={KAN: Kolmogorov-Arnold Networks}, 
      author={Ziming Liu and Yixuan Wang and Sachin Vaidya and Fabian Ruehle and James Halverson and Marin Soljačić and Thomas Y. Hou and Max Tegmark},
      year={2024},
      eprint={2404.19756},
      archivePrefix={arXiv},
      primaryClass={cs.LG}
}