@article{Geevers2023,
  title = {Multi-echelon inventory optimization using deep reinforcement learning},
  ISSN = {1613-9178},
  url = {http://dx.doi.org/10.1007/s10100-023-00872-2},
  DOI = {10.1007/s10100-023-00872-2},
  journal = {Central European Journal of Operations Research},
  publisher = {Springer Science and Business Media LLC},
  author = {Geevers,  Kevin and van Hezewijk,  Lotte and Mes,  Martijn R. K.},
  year = {2023},
  month = jul 
}